@online{1,
	Author = {Radiocrafts},
	Title = {Cloud vs Fog vs Mist Computing, Which One Should You Use?},
	Year = {2019},
	URL = {https://radiocrafts.com/cloud-vs-fog-vs-mist-computing-which-one-should-you-use/}
	
}

@ARTICLE{3,
	author={M. {Asif-Ur-Rahman} and F. {Afsana} and M. {Mahmud} and M. S. {Kaiser} and M. R. {Ahmed} and O. {Kaiwartya} and A. {James-Taylor}},
	journal={IEEE Internet of Things Journal}, 
	title={Toward a Heterogeneous Mist, Fog, and Cloud-Based Framework for the Internet of Healthcare Things}, 
	year={2019},
	volume={6},
	number={3},
	pages={4049-4062},}


@ARTICLE{4,
	author={F. T. {El-Hassan} and D. {Ionescu}},
	journal={IEEE Access}, 
	title={Design and Implementation of a Hardware Versatile Publish-Subscribe Architecture for the Internet of Things}, 
	year={2018},
	volume={6},
	number={},
	pages={31872-31890},}


@inproceedings{5,
	title={Security and privacy challenges in internet of things},
	author={Virat, Molugu Surya and Bindu, SM and Aishwarya, B and Dhanush, BN and Kounte, Maniunath R},
	booktitle={2018 2nd International Conference on Trends in Electronics and Informatics (ICOEI)},
	pages={454--460},
	year={2018},
	organization={IEEE}
}

@online{6,
	Author = {Google cloud},
	Title = {What is Pub/Sub?},
	Year = {2020},
	URL = {https://cloud.google.com/pubsub/docs/overview}
	
}

@article{7,
	title={SensIoT: An Extensible and General Internet of Things Monitoring Framework},
	author={Gro{\ss}mann, Marcel and Illig, Steffen and Mat{\v{e}}jka, Cornelius L},
	journal={Wireless Communications and Mobile Computing},
	volume={2019},
	year={2019},
	publisher={Hindawi}
}

@online{8,
	Author = {Joel Hans},
	Title = {Why Putting the IoT Into Docker Containers Will Unlock It},
	Year = {2017},
	URL = {https://www.rtinsights.com/docker-containers-for-the-iot/}
	
}
@ARTICLE{9,
	author={Ximeng Liu, Yang Yang, Kim-Kwang Raymond Choo, Huaqun Wang},
	journal={Hindawi}, 
	title={"Security and Privacy Challenges for Internet-of-Things and Fog Computing"}, 
	year={2018},
	pages={3},}

@misc{10,
	author = "{Wikipedia contributors}",
	title = "Cloud computing --- {Wikipedia}{,} The Free Encyclopedia",
	year = "2020",
	url = "https://en.wikipedia.org/w/index.php?title=Cloud_computing&oldid=979386752",
	note = "[Online; accessed 23-September-2020]"
}


@ARTICLE{11,
	author={M. {Mukherjee} and L. {Shu} and D. {Wang}},
	journal={IEEE Communications Surveys   Tutorials}, 
	title={Survey of Fog Computing: Fundamental, Network Applications, and Research Challenges}, 
	year={2018},
	volume={20},
	number={3},
	pages={1826-1857},}

@online{vm,
	Author={VMware,Inc},
	Title={Software-Defined Networking (SDN)},
	Year={2020}
	Url={https://www.vmware.com/topics/glossary/content/software-defined-networking}}

@article{mell2011nist,
	title={The NIST definition of cloud computing},
	author={Mell, Peter and Grance, Tim and others},
	year={2011},
	publisher={Computer Security Division, Information Technology Laboratory, National~â€¦}
}

@online{azure,
	Author={Devarpita Pathak},
	Title={Decoding the 11 Business Benefits of Microsoft Azure},
	Year={2018}
	Url={https://www.mercurysolutions.co/blog/top-11-business-benefits-of-microsoft-azure}}

@article{rahmani2018exploiting,
	title={Exploiting smart e-Health gateways at the edge of healthcare Internet-of-Things: A fog computing approach},
	author={Rahmani, Amir M and Gia, Tuan Nguyen and Negash, Behailu and Anzanpour, Arman and Azimi, Iman and Jiang, Mingzhe and Liljeberg, Pasi},
	journal={Future Generation Computer Systems},
	volume={78},
	pages={641--658},
	year={2018},
	publisher={Elsevier}
}

@article{haque2016wireless,
	title={Wireless software defined networking: A survey and taxonomy},
	author={Haque, Israat Tanzeena and Abu-Ghazaleh, Nael},
	journal={IEEE Communications Surveys \& Tutorials},
	volume={18},
	number={4},
	pages={2713--2737},
	year={2016},
	publisher={IEEE}
}

@online{calum,
	Author = {Calum McClelland
	},
	Title = {Applying Machine Learning to the Internet of Things},
	Year = {2017},
	URL = {https://medium.com/iotforall/applying-machine-learning-to-the-internet-of-things-5bd0216d4cc3}
}

@article{ma2014blood,
	title={A blood pressure monitoring method for stroke management},
	author={Ma, Heather Ting},
	journal={BioMed research international},
	volume={2014},
	year={2014},
	publisher={Hindawi}
}

@incollection{syed2019data,
	title={Data science algorithms and techniques for smart healthcare using IoT and big data analytics},
	author={Syed, Liyakathunisa and Jabeen, Saima and Manimala, S and Elsayed, Hoda A},
	booktitle={Smart Techniques for a Smarter Planet},
	pages={211--241},
	year={2019},
	publisher={Springer}
}

@article{happ2017meeting,
	title={Meeting IoT platform requirements with open pub/sub solutions},
	author={Happ, Daniel and Karowski, Niels and Menzel, Thomas and Handziski, Vlado and Wolisz, Adam},
	journal={Annals of Telecommunications},
	volume={72},
	number={1-2},
	pages={41--52},
	year={2017},
	publisher={Springer}
}

@online{matthew,
	Author = {Matthew DuPuy},
	Title = {Pubsub thermostat example},
	Year = {2017},
	URL = {https://learn.adafruit.com/raspberry-pi-3-and-sensor-kit-for-google-cloud-iot-core/pubsub-thermostat-example}
}

@online{docker,
	Author = {Pradeep Singh},
	Title = {Docker Containers and IoT Applications},
	Year = {2017},
	URL = {https://iotbytes.wordpress.com/docker-containers-and-iot-applications/}
}

@online{kub,
	Author = {Alex Chalkias},
	Title = {Kubernetes vs Docker},
	Year = {2020},
	URL = {https://ubuntu.com/blog/kubernetes-versus-docker}
}

@article{sec,
	title={Internet of Things (IoT): A review of enabling technologies, challenges, and open research issues},
	author={{\v{C}}olakovi{\'c}, Alem and Had{\v{z}}iali{\'c}, Mesud},
	journal={Computer Networks},
	volume={144},
	pages={17--39},
	year={2018},
	publisher={Elsevier}
}

@article{chiang2016fog,
	title={Fog and IoT: An overview of research opportunities},
	author={Chiang, Mung and Zhang, Tao},
	journal={IEEE Internet of Things Journal},
	volume={3},
	number={6},
	pages={854--864},
	year={2016},
	publisher={IEEE}
}
